% Encoding: UTF-8

@www{Lomas2022,
  author = {Akash Lomas},
  date   = {2022-10-30},
  editor = {Net Solutions},
  title  = {Top 10 Web Development Frameworks for 2024},
  url    = {https://www.netsolutions.com/insights/top-web-development-frameworks/}
}

@inproceedings{Jaiswal2022,
  author    = {Jaiswal, Priyanka and Heliwal, Sumit},
  editor    = {Karrupusamy, P. and Balas, Valentina Emilia and Shi, Yong},
  title     = {Competitive Analysis of Web Development Frameworks},
  booktitle = {Sustainable Communication Networks and Application},
  year      = {2022},
  publisher = {Springer Nature Singapore},
  address   = {Singapore},
  pages     = {709--717},
  abstract  = {In day-to-day working, when we are dealing with collecting and managing information for business, designing of interface plays a very important role. For designing an interface, different web designing frameworks are required. This review paper is based on discussion and comparison of different frameworks which are currently used in the industry and are in demand in the industry. It will help one to choose between the different frameworks and get an idea about their uses and where to use them. Anyone can understand and can choose between different frameworks. It will help newbies to get started and make choices about the framework. This review paper focuses on the pros and cons and their requirements for deployment. This paper is also focused on the time requirement, access, what they provide, where they are used, when to use, and how to choose upon it. It also includes the starting requirements and what goals user can achieve using different frameworks. It also includes the basic structure of a Web application or the basic requirements of a web application to start. The comparative study broadly consists of Bootstrap, Django, and .NetBootstrap, Django, Net and other web development framework.},
  isbn      = {978-981-16-6605-6}
}

@article{Kaluza2019,
  author  = {Kaluža, M. and Kalanj, M. and Vukelić, B.},
  title   = {A Comparison of Back-End Frameworks for Web Application Development},
  journal = {Zbornik Veleučilišta u Rijeci},
  volume  = {7},
  number  = {1},
  pages   = {317--332},
  year    = {2019},
  url     = {https://doi.org/10.31784/zvr.7.1.10},
  note    = {[Online]}
}

@www{Joshi2023,
  author = {Mohit Joshi},
  date   = {2023-05-11},
  title  = {Angular vs React vs Vue; Core Differences},
  url    = {https://www.browserstack.com/guide/angular-vs-react-vs-vue}
}

@www{Daityari2023,
  author = {Shaumik Daityari},
  date   = {2023-11-30},
  title  = {Angular vs React vs Vue: Which Framework to Choose},
  url    = {https://www.codeinwp.com/blog/angular-vs-vue-vs-react/#gref}
}

@www{Hutsulyak2023,
  author = {Oleksandr Hutsulyak},
  date   = {2023-04-25},
  editor = {TechMagic},
  title  = {Node.js vs .NET: What to Choose in 2023},
  url    = {https://www.techmagic.co/blog/node-js-vs-net-what-to-choose/}
}

//Website of evan you
@www{EvanYou2024,
  author = {Evan You},
  date   = {2024-01-05},
  title  = {Evan you personal website},
  url    = {https://evanyou.me/}
}



@Comment{jabref-meta: databaseType:biblatex;}
